@book{reiss2014audio,
publisher = {CRC Press},
title = {Audio effects theory, implementation and application },
booktitle = {Audio effects theory, implementation and application},
isbn = {9781466560291},
author = {Reiss, Joshua D.},
address = {Boca Raton, FL},
keywords = {Computer sound processing},
language = {eng},
year = {2014},
}

@misc{JUCE,
    title={\code{JUCE}: open-source cross-platform C++ application framework used for rapidly developing high quality desktop and mobile applications},
    url={https://github.com/juce-framework/JUCE}
}